<?xml version="1.0" encoding="UTF-8"?><collection xmlns="http://www.loc.gov/MARC21/slim"><record><leader>00554nam--2200193-i-4500</leader><controlfield tag="001">000009924</controlfield><controlfield tag="002">20161230</controlfield><controlfield tag="005">20161230201028</controlfield><controlfield tag="008">060222s1000------------r-----000-0-fre-d</controlfield><datafield ind1=" " ind2=" " tag="040"><subfield code="a">IFIN-HH</subfield></datafield><datafield ind1=" " ind2=" " tag="041"><subfield code="a">fre</subfield></datafield><datafield ind1=" " ind2=" " tag="080"><subfield code="a">534.01:53:539.12</subfield></datafield><datafield ind1="1" ind2=" " tag="100"><subfield code="a">Balkanski, M</subfield></datafield><datafield ind1="1" ind2="0" tag="245"><subfield code="a">Physique. vol.2: ondes et phenomenes vibratoires. premier cycles, facultes des sciences, facultes de medicine</subfield><subfield code="c">M. balkanski, c. sebenne</subfield></datafield><datafield ind1=" " ind2=" " tag="260"><subfield code="a">Paris</subfield><subfield code="b">Dunod</subfield><subfield code="c">1970</subfield></datafield><datafield ind1=" " ind2=" " tag="300"><subfield code="a">310P</subfield></datafield><datafield ind1="1" ind2=" " tag="700"><subfield code="a">Sebenne, C</subfield></datafield><datafield ind1=" " ind2=" " tag="852"><subfield code="a">35309</subfield><subfield code="c">53</subfield></datafield><datafield ind1=" " ind2=" " tag="CAT"><subfield code="a">Sys</subfield><subfield code="c">20150310</subfield><subfield code="h">130225</subfield></datafield></record></collection>